%YAML 1.1
%TAG !u! tag:unity3d.com,2011:
--- !u!1001 &100100000
Prefab:
  m_ObjectHideFlags: 1
  serializedVersion: 2
  m_Modification:
    m_TransformParent: {fileID: 0}
    m_Modifications: []
    m_RemovedComponents: []
  m_ParentPrefab: {fileID: 0}
  m_RootGameObject: {fileID: 1195999098797196}
  m_IsPrefabParent: 1
--- !u!1 &1195999098797196
GameObject:
  m_ObjectHideFlags: 0
  m_PrefabParentObject: {fileID: 0}
  m_PrefabInternal: {fileID: 100100000}
  serializedVersion: 5
  m_Component:
  - component: {fileID: 4117063037275082}
  - component: {fileID: 212728029301441522}
  - component: {fileID: 114143681122773306}
  - component: {fileID: 114256477315934834}
  - component: {fileID: 114948058603991292}
  - component: {fileID: 195874649769359052}
  - component: {fileID: 65730589561248564}
  m_Layer: 0
  m_Name: Zombie
  m_TagString: Zombie
  m_Icon: {fileID: 0}
  m_NavMeshLayer: 0
  m_StaticEditorFlags: 0
  m_IsActive: 1
--- !u!4 &4117063037275082
Transform:
  m_ObjectHideFlags: 1
  m_PrefabParentObject: {fileID: 0}
  m_PrefabInternal: {fileID: 100100000}
  m_GameObject: {fileID: 1195999098797196}
  m_LocalRotation: {x: 0.7071057, y: -0, z: -0, w: 0.7071079}
  m_LocalPosition: {x: 0, y: 0.1, z: 0}
  m_LocalScale: {x: 1, y: 1, z: 1}
  m_Children: []
  m_Father: {fileID: 0}
  m_RootOrder: 0
  m_LocalEulerAnglesHint: {x: 90.00001, y: 0, z: 0}
--- !u!65 &65730589561248564
BoxCollider:
  m_ObjectHideFlags: 1
  m_PrefabParentObject: {fileID: 0}
  m_PrefabInternal: {fileID: 100100000}
  m_GameObject: {fileID: 1195999098797196}
  m_Material: {fileID: 0}
  m_IsTrigger: 0
  m_Enabled: 1
  serializedVersion: 2
  m_Size: {x: 0.49, y: 0.49, z: 0.61}
  m_Center: {x: 0, y: 0, z: -0.21}
--- !u!114 &114143681122773306
MonoBehaviour:
  m_ObjectHideFlags: 1
  m_PrefabParentObject: {fileID: 0}
  m_PrefabInternal: {fileID: 100100000}
  m_GameObject: {fileID: 1195999098797196}
  m_Enabled: 1
  m_EditorHideFlags: 0
  m_Script: {fileID: 11500000, guid: 0fac6e51c37d83249ba78a571a23fd79, type: 3}
  m_Name: 
  m_EditorClassIdentifier: 
  SO_statZ: {fileID: 11400000, guid: 907eee589f6b12746879610ecadaecb8, type: 2}
--- !u!114 &114256477315934834
MonoBehaviour:
  m_ObjectHideFlags: 1
  m_PrefabParentObject: {fileID: 0}
  m_PrefabInternal: {fileID: 100100000}
  m_GameObject: {fileID: 1195999098797196}
  m_Enabled: 1
  m_EditorHideFlags: 0
  m_Script: {fileID: 11500000, guid: 7102c282ac50f754cbb4fd55522be252, type: 3}
  m_Name: 
  m_EditorClassIdentifier: 
  SO_statZ: {fileID: 11400000, guid: 907eee589f6b12746879610ecadaecb8, type: 2}
  gm: {fileID: 11400000, guid: 2a4b58cdf6d764748a4241461663d2ee, type: 2}
  LoseEvent: {fileID: 11400000, guid: 5bd93c0ab555f9446a6c463c63288e78, type: 2}
--- !u!114 &114948058603991292
MonoBehaviour:
  m_ObjectHideFlags: 1
  m_PrefabParentObject: {fileID: 0}
  m_PrefabInternal: {fileID: 100100000}
  m_GameObject: {fileID: 1195999098797196}
  m_Enabled: 1
  m_EditorHideFlags: 0
  m_Script: {fileID: 11500000, guid: 59d80a3d850168742a2fe499435ab04f, type: 3}
  m_Name: 
  m_EditorClassIdentifier: 
  SO_statZ: {fileID: 11400000, guid: 907eee589f6b12746879610ecadaecb8, type: 2}
  ammoPack: {fileID: 1263909648431088, guid: f7a58ddc9efd7514a8d41de66ac76d18, type: 2}
  hp: 0
--- !u!195 &195874649769359052
NavMeshAgent:
  m_ObjectHideFlags: 1
  m_PrefabParentObject: {fileID: 0}
  m_PrefabInternal: {fileID: 100100000}
  m_GameObject: {fileID: 1195999098797196}
  m_Enabled: 1
  m_AgentTypeID: 0
  m_Radius: 0.27
  m_Speed: 3.5
  m_Acceleration: 8
  avoidancePriority: 50
  m_AngularSpeed: 120
  m_StoppingDistance: 0
  m_AutoTraverseOffMeshLink: 1
  m_AutoBraking: 1
  m_AutoRepath: 1
  m_Height: 0.64
  m_BaseOffset: 0
  m_WalkableMask: 4294967295
  m_ObstacleAvoidanceType: 4
--- !u!212 &212728029301441522
SpriteRenderer:
  m_ObjectHideFlags: 1
  m_PrefabParentObject: {fileID: 0}
  m_PrefabInternal: {fileID: 100100000}
  m_GameObject: {fileID: 1195999098797196}
  m_Enabled: 1
  m_CastShadows: 0
  m_ReceiveShadows: 0
  m_DynamicOccludee: 1
  m_MotionVectors: 1
  m_LightProbeUsage: 1
  m_ReflectionProbeUsage: 1
  m_Materials:
  - {fileID: 10754, guid: 0000000000000000f000000000000000, type: 0}
  m_StaticBatchInfo:
    firstSubMesh: 0
    subMeshCount: 0
  m_StaticBatchRoot: {fileID: 0}
  m_ProbeAnchor: {fileID: 0}
  m_LightProbeVolumeOverride: {fileID: 0}
  m_ScaleInLightmap: 1
  m_PreserveUVs: 0
  m_IgnoreNormalsForChartDetection: 0
  m_ImportantGI: 0
  m_StitchLightmapSeams: 0
  m_SelectedEditorRenderState: 0
  m_MinimumChartSize: 4
  m_AutoUVMaxDistance: 0.5
  m_AutoUVMaxAngle: 89
  m_LightmapParameters: {fileID: 0}
  m_SortingLayerID: 0
  m_SortingLayer: 0
  m_SortingOrder: 0
  m_Sprite: {fileID: 21300000, guid: f7103cdd3f1c230448966da0ab33b075, type: 3}
  m_Color: {r: 1, g: 1, b: 1, a: 1}
  m_FlipX: 0
  m_FlipY: 0
  m_DrawMode: 0
  m_Size: {x: 0.64, y: 0.64}
  m_AdaptiveModeThreshold: 0.5
  m_SpriteTileMode: 0
  m_WasSpriteAssigned: 1
  m_MaskInteraction: 0
